<?xml version="1.0" encoding="UTF-8"?><record xmlns="http://www.loc.gov/MARC21/slim" xmlns:cinclude="http://apache.org/cocoon/include/1.0" xmlns:zs="http://www.loc.gov/zing/srw/">
  <leader>00372nz  a2200133n  4500</leader>
  <controlfield tag="001">no2007013039</controlfield>
  <controlfield tag="003">DLC</controlfield>
  <controlfield tag="005">20070207084351.0</controlfield>
  <controlfield tag="008">061003n| acannaabn          |n aaa     c</controlfield>
  <datafield tag="010" ind1=" " ind2=" ">
    <subfield code="a">no2007013039</subfield>
  </datafield>
  <datafield tag="035" ind1=" " ind2=" ">
    <subfield code="a">(OCoLC)oca07319524</subfield>
  </datafield>
  <datafield tag="040" ind1=" " ind2=" ">
    <subfield code="a">CU-S</subfield>
    <subfield code="b">eng</subfield>
    <subfield code="c">CU-S</subfield>
  </datafield>
  <datafield tag="100" ind1="1" ind2=" ">
    <subfield code="a">Herna휍혖ndez, Droely</subfield>
  </datafield>
  <datafield tag="670" ind1=" " ind2=" ">
    <subfield code="a">Balance social para la empresa venezolana, 2002</subfield>
    <subfield code="b">t.p. (Droely Herna휍혖ndez)</subfield>
  </datafield>
</record>